<record><leader>00000cas a22000007a 4500</leader><controlfield tag="001">15063347</controlfield><controlfield tag="008">870113d19791979inuwr ne      0    0eng d</controlfield><datafield ind1=" " ind2=" " tag="010"><subfield code="a">sn 87055062 </subfield></datafield><datafield ind1=" " ind2=" " tag="040"><subfield code="a">NPI</subfield><subfield code="b">eng</subfield><subfield code="c">NPI</subfield><subfield code="d">OCLCQ</subfield></datafield><datafield ind1=" " ind2=" " tag="042"><subfield code="a">msc</subfield></datafield><datafield ind1="0" ind2=" " tag="130"><subfield code="a">Democrat (Knox, Ind.)</subfield></datafield><datafield ind1="1" ind2="4" tag="245"><subfield code="a">The Democrat.</subfield></datafield><datafield ind1=" " ind2=" " tag="260"><subfield code="a">Knox, Ind. :</subfield><subfield code="b">Starke County Publishers,</subfield><subfield code="c">1979.</subfield></datafield><datafield ind1=" " ind2=" " tag="310"><subfield code="a">Weekly</subfield></datafield><datafield ind1="0" ind2=" " tag="362"><subfield code="a">Vol. 110, no. 29 (Feb. 1, 1979)-v. 110, no. 49 (June 21, 1979).</subfield></datafield><datafield ind1=" " ind2=" " tag="752"><subfield code="a">United States</subfield><subfield code="b">Indiana</subfield><subfield code="c">Starke</subfield><subfield code="d">Knox.</subfield></datafield><datafield ind1="0" ind2="0" tag="780"><subfield code="t">Starke County Democrat</subfield><subfield code="w">(DLC)sn 87055063</subfield></datafield><datafield ind1="0" ind2="7" tag="785"><subfield code="t">Republican (Knox, Ind.)</subfield><subfield code="w">(DLC)sn 87055060</subfield></datafield><datafield ind1="0" ind2="7" tag="785"><subfield code="t">Starke County leader</subfield><subfield code="w">(DLC)sn 87055061</subfield></datafield></record>